<?xml version="1.0" encoding="UTF-8"?>
<record xmlns="http://www.loc.gov/MARC21/slim" xmlns:xsi="http://www.w3.org/2001/XMLSchema-instance" xsi:schemaLocation="http://www.loc.gov/MARC21/slim http://www.loc.gov/standards/marcxml/schema/MARC21slim.xsd">
<leader>00000cam a22      a 4500</leader>
<controlfield tag="001">002773174</controlfield>
<controlfield tag="003">NNU</controlfield>
<controlfield tag="005">20160304162549.0</controlfield>
<controlfield tag="008">860724s193u    ua a          000 0 ara d</controlfield>
<datafield tag="035" ind1=" " ind2=" ">
<subfield code="a">(OCoLC)83157105</subfield>
</datafield>
<datafield tag="040" ind1=" " ind2=" ">
<subfield code="a">NNU</subfield>
<subfield code="b">eng</subfield>
<subfield code="c">ZYU</subfield>
<subfield code="d">OCLCQ</subfield>
<subfield code="d">OCLCF</subfield>
<subfield code="d">OCLCO</subfield>
<subfield code="d">OCLCQ</subfield>
<subfield code="d">NNU</subfield>
</datafield>
<datafield tag="043" ind1=" " ind2=" ">
<subfield code="a">f-ua---</subfield>
</datafield>
<datafield tag="050" ind1=" " ind2="4">
<subfield code="a">HC535</subfield>
<subfield code="b">.T27 1930</subfield>
</datafield>
<datafield tag="100" ind1="1" ind2=" ">
<subfield code="6">880-01</subfield>
<subfield code="a">Ḥarb, Muḥammad,</subfield>
<subfield code="d">1876-1941.</subfield>
</datafield>
<datafield tag="245" ind1="1" ind2="0">
<subfield code="6">880-02</subfield>
<subfield code="a">Majmūʻat khuṭab /</subfield>
<subfield code="c">Muḥammad Ṭalʻat Ḥarb ; jamaʻatʹhā wa-iltazamat ṭabʻhā Maṭbaʻat Miṣr.</subfield>
</datafield>
<datafield tag="250" ind1=" " ind2=" ">
<subfield code="6">880-03</subfield>
<subfield code="a">al-Ṭabʻah 2.</subfield>
</datafield>
<datafield tag="260" ind1=" " ind2=" ">
<subfield code="6">880-04</subfield>
<subfield code="a">[Cairo] :</subfield>
<subfield code="b">Maṭbaʻat Miṣr,</subfield>
<subfield code="c">[193-?]</subfield>
</datafield>
<datafield tag="300" ind1=" " ind2=" ">
<subfield code="a">2 volumes :</subfield>
<subfield code="b">illustrations ;</subfield>
<subfield code="c">26 cm</subfield>
</datafield>
<datafield tag="336" ind1=" " ind2=" ">
<subfield code="a">text</subfield>
<subfield code="b">txt</subfield>
<subfield code="2">rdacontent</subfield>
</datafield>
<datafield tag="337" ind1=" " ind2=" ">
<subfield code="a">unmediated</subfield>
<subfield code="b">n</subfield>
<subfield code="2">rdamedia</subfield>
</datafield>
<datafield tag="338" ind1=" " ind2=" ">
<subfield code="a">volume</subfield>
<subfield code="b">nc</subfield>
<subfield code="2">rdacarrier</subfield>
</datafield>
<datafield tag="651" ind1=" " ind2="0">
<subfield code="a">Egypt</subfield>
<subfield code="x">Economic conditions.</subfield>
</datafield>
<datafield tag="610" ind1="2" ind2="0">
<subfield code="a">Bank Miṣr.</subfield>
</datafield>
<datafield tag="610" ind1="2" ind2="7">
<subfield code="a">Bank Miṣr.</subfield>
<subfield code="2">fast</subfield>
<subfield code="0">(OCoLC)fst00569364</subfield>
</datafield>
<datafield tag="650" ind1=" " ind2="7">
<subfield code="a">Economic history.</subfield>
<subfield code="2">fast</subfield>
<subfield code="0">(OCoLC)fst00901974</subfield>
</datafield>
<datafield tag="651" ind1=" " ind2="7">
<subfield code="a">Egypt.</subfield>
<subfield code="2">fast</subfield>
<subfield code="0">(OCoLC)fst01208755</subfield>
</datafield>
<datafield tag="880" ind1="1" ind2=" ">
<subfield code="6">100-01/</subfield>
<subfield code="a">حرب، محمد،</subfield>
<subfield code="d">1876-1941.</subfield>
</datafield>
<datafield tag="880" ind1="1" ind2="0">
<subfield code="6">245-02/</subfield>
<subfield code="a">مجموعة خطب /</subfield>
<subfield code="c">محمد طلعت حرب ؛ جمعتها والتزمة طبعها مطبعة مصر.</subfield>
</datafield>
<datafield tag="880" ind1=" " ind2=" ">
<subfield code="6">250-03/</subfield>
<subfield code="a">الطبعة 2.</subfield>
</datafield>
<datafield tag="880" ind1=" " ind2=" ">
<subfield code="6">260-04/</subfield>
<subfield code="a">[القاهرة] :</subfield>
<subfield code="b">مطبعة مصر،</subfield>
<subfield code="c">[193-?]</subfield>
</datafield>
<datafield tag="OWN" ind1=" " ind2=" ">
<subfield code="a">GENERAL</subfield>
</datafield>
<datafield tag="AVA" ind1=" " ind2=" ">
<subfield code="a">NYU50</subfield>
<subfield code="b">BOBST</subfield>
<subfield code="c">Main Collection</subfield>
<subfield code="d">HC535 .T27 1930x</subfield>
<subfield code="e">unavailable</subfield>
<subfield code="t">Unavailable</subfield>
<subfield code="f">2</subfield>
<subfield code="g">2</subfield>
<subfield code="h">Y</subfield>
<subfield code="i">2</subfield>
<subfield code="j">MAIN</subfield>
<subfield code="k">0</subfield>
</datafield>
</record>
